<record><leader>00000cas a22000007a 4500</leader><controlfield tag="001">16073262</controlfield><controlfield tag="008">870625d18781879paudn ne      0    0eng d</controlfield><datafield ind1=" " ind2=" " tag="010"><subfield code="a">sn 87080398 </subfield></datafield><datafield ind1=" " ind2=" " tag="040"><subfield code="a">NPH</subfield><subfield code="b">eng</subfield><subfield code="c">NPH</subfield><subfield code="d">OCLCQ</subfield></datafield><datafield ind1=" " ind2=" " tag="042"><subfield code="a">msc</subfield></datafield><datafield ind1="0" ind2=" " tag="130"><subfield code="a">Evening bulletin (Hazleton, Pa.)</subfield></datafield><datafield ind1="1" ind2="0" tag="245"><subfield code="a">Evening bulletin.</subfield></datafield><datafield ind1=" " ind2=" " tag="260"><subfield code="a">Hazleton, Pa. :</subfield><subfield code="b">[Bulletin Pub. Co.]</subfield></datafield><datafield ind1=" " ind2=" " tag="310"><subfield code="a">Daily (except Sun.)</subfield></datafield><datafield ind1="0" ind2=" " tag="362"><subfield code="a">No. 1 (Dec. 10, 1878)-no. 64 (Feb. 24, 1879).</subfield></datafield><datafield ind1=" " ind2=" " tag="752"><subfield code="a">United States</subfield><subfield code="b">Pennsylvania</subfield><subfield code="c">Luzerne</subfield><subfield code="d">Hazleton.</subfield></datafield><datafield ind1="0" ind2="0" tag="785"><subfield code="t">Daily bulletin (Hazleton, Pa.)</subfield><subfield code="w">(DLC)sn 87080399</subfield></datafield></record>